@article{Kramers:1941kn,
  author  = {Kramers, H. A. and Wannier, G. H.},
  title   = {{Statistics of the two-dimensional ferromagnet. Part 1.}},
  doi     = {10.1103/PhysRev.60.252},
  journal = {Phys. Rev.},
  volume  = {60},
  pages   = {252--262},
  year    = {1941}
}
@article{Kramers:1941zz,
  author  = {Kramers, H. A. and Wannier, G. H.},
  title   = {{Statistics of the Two-Dimensional Ferromagnet. Part II}},
  doi     = {10.1103/PhysRev.60.263},
  journal = {Phys. Rev.},
  volume  = {60},
  pages   = {263--276},
  year    = {1941}
}


@article{Wegner:1971app,
  author  = {Wegner, F. J.},
  title   = {{Duality in Generalized Ising Models and Phase Transitions Without Local Order Parameters}},
  doi     = {10.1063/1.1665530},
  journal = {J. Math. Phys.},
  volume  = {12},
  pages   = {2259--2272},
  year    = {1971}
}
